

@electronic{pongmuseum:2021,
  author = {PongMuseum},
  title = {{Pong Museum - History}},
  year = 2021,
  url = {http://pongmuseum.com/history/},
  urldate = {2021-04-30}
}


@book{steinberg:2007,
  title={The definitive Guide: Videogame Marketing and PR (1st ed.)},
  author={Steinberg, Scott},
  isbn={9780595433711},
  year={2007},
  publisher={iUniverse}
}

@book{zubek:2020,
  title={Elements of Game Design},
  author={Zubek, Robert},
  isbn={9780262043915},
  year={2020},
  publisher={The MIT Press}
}

@book{wolf:2007,
  title={The Video Game Explosion: A History from PONG to PlayStation and Beyond},
  author={Wolf, Mark J. P.},
  isbn={9780313338687},
  year={2007},
  publisher={Greenwood}
}

@book{shaker:2016,
  title={Procedural Content Generation in Games},
  author={Shaker, Noor and Togelius, Julian and Nelson, Mark J.},
  isbn={9783319427140},
  year={2016},
  publisher={Springer}
}


@electronic{bloomberg:2019,
  author = {Smithers, Pelham},
  title = {{Peak Video Game? Top Analyst Sees Industry Slumping in 2019}},
  year = 2019,
  url = {https://www.bloomberg.com/news/articles/2019-01-23/peak-video-game-top-analyst-sees-industry-slumping-in-2019/},
  urldate = {2021-04-30}
}

@electronic{marketwatch:2019,
  author = {Witkowski, Wallace},
  title = {{Videogames are a bigger industry than movies and North American sports combined, thanks to the pandemic}},
  year = 2020,
  url = {https://www.marketwatch.com/story/videogames-are-a-bigger-industry-than-sports-and-movies-combined-thanks-to-the-pandemic-11608654990/},
  urldate = {2021-04-30}
}

@electronic{cbr:2021,
  author = {Koumarelas, Robert},
  title = {{Final Fantasy VII Remake Is Only Getting More Expensive}},
  year = 2021,
  url = {https://www.cbr.com/final-fantasy-vii-remake-cost/},
  urldate = {2021-04-30}
}

@electronic{doull:2008,
  author = {Doull, Andrew},
  title = {{The Death of the Level Designer: Procedural Content Generation in Games}},
  year = 2008,
  url = {http://roguelikedeveloper.blogspot.com.br/2008/01/death-of-level-designer-procedural.html},
  urldate = {2021-05-01}
}

@article{togelius:2011,
author = {Togelius, Julian and Kastbjerg, Emil and Schedl, David and Yannakakis, Georgios},
year = {2011},
month = {01},
pages = {},
title = {What is Procedural Content Generation? Mario on the borderline},
doi = {10.1145/2000919.2000922}
}

@electronic{wright:2007,
  author = {Wright, Will},
  title = {{2007 TED video of Spore}},
  year = 2007,
  url = {https://web.archive.org/web/20070817073543/http://www.joystiq.com/2007/07/22/todays-most-delayed-and-ambitious-video-ted-spore-demo/},
  urldate = {2021-05-01}
}

@electronic{ea:2008,
  author = {EA},
  title = {{Steam Page of Spore}},
  year = 2008,
  url = {https://store.steampowered.com/app/17390/SPORE/},
  urldate = {2021-05-01}
}

@electronic{epyx:1985,
  author = {Epyx},
  title = {{Steam Page of Rogue}},
  year = 1985,
  url = {https://store.steampowered.com/app/1443430/Rogue/},
  urldate = {2021-05-01}
}


@electronic{brewer:2016,
  author = {Brewer, Nathan},
  title = {{GOING ROGUE: A BRIEF HISTORY OF THE COMPUTERIZED DUNGEON CRAWL}},
  year = 2016,
  url = {https://insight.ieeeusa.org/articles/going-rogue-a-brief-history-of-the-computerized-dungeon-crawl/},
  urldate = {2021-05-01}
}

@electronic{melan:2006,
  author = {Melan},
  title = {{Dungeon Mapping}},
  year = 2006,
  url = {https://www.darkshire.net/jhkim/rpg/dnd/dungeonmaps.html},
  urldate = {2021-05-01}
}

@inbook{ping:2020,
author = {Ping, Kuang and Dingli, Luo},
year = {2020},
month = {02},
pages = {400-419},
title = {Conditional Convolutional Generative Adversarial Networks Based Interactive Procedural Game Map Generation},
isbn = {978-3-030-39444-8},
doi = {10.1007/978-3-030-39445-5_30}
}

@inproceedings{johnson:2010,
author = {Johnson, Lawrence and Yannakakis, Georgios and Togelius, Julian},
title = {Cellular Automata for Real-Time Generation of Infinite Cave Levels},
year = {2010},
isbn = {9781450300230},
publisher = {Association for Computing Machinery},
address = {New York, NY, USA},
url = {https://doi.org/10.1145/1814256.1814266},
doi = {10.1145/1814256.1814266},
booktitle = {Proceedings of the 2010 Workshop on Procedural Content Generation in Games},
articleno = {10},
numpages = {4},
location = {Monterey, California},
series = {PCGames '10}
}

@article{boggus:2009,
author = {Boggus, Matt and Crawfis, Roger},
year = {2009},
month = {01},
pages = {},
title = {Procedural creation of 3D solution cave models},
journal = {Proceedings of the IASTED International Conference on Modelling and Simulation}
}

@inproceedings{goncalves:2015,
  title={Analysis and Development of a Game of the Roguelike Genre Final Report},
  author={C. Gonçalves and P. D. Silva and Carlos Alexandre Netto and S{\'e}rgio Roberto Kieling and Lu{\'i}s da Cunha and R. Weber},
  year={2015}
}

@INPROCEEDINGS{santamaria:2014,  author={Santamaría-Ibirika, Aitor and Cantero, Xabier and Huerta, Sergio and Santos, Igor and Bringas, Pablo G.},  booktitle={2014 International Conference on Cyberworlds},   title={Procedural Playable Cave Systems Based on Voronoi Diagram and Delaunay Triangulation},   year={2014},  volume={},  number={},  pages={15-22},  doi={10.1109/CW.2014.11}}